<record><leader>00000cas a2200000 a 4500</leader><controlfield tag="001">30427061</controlfield><controlfield tag="008">940512d18701872oruwr ne      0    0eng c</controlfield><datafield ind1=" " ind2=" " tag="010"><subfield code="a">sn 93051643 </subfield></datafield><datafield ind1=" " ind2=" " tag="040"><subfield code="a">CUY</subfield><subfield code="b">eng</subfield><subfield code="c">CNK</subfield><subfield code="d">OCLCQ</subfield><subfield code="d">ORU</subfield><subfield code="d">OCLCF</subfield></datafield><datafield ind1="1" ind2=" " tag="029"><subfield code="a">AU@</subfield><subfield code="b">000025896433</subfield></datafield><datafield ind1=" " ind2=" " tag="042"><subfield code="a">pcc</subfield></datafield><datafield ind1=" " ind2=" " tag="043"><subfield code="a">n-us-or</subfield></datafield><datafield ind1="0" ind2="0" tag="245"><subfield code="a">Weekly Salem mercury.</subfield></datafield><datafield ind1="1" ind2="3" tag="246"><subfield code="a">Weekly mercury</subfield><subfield code="f">-Jan. 2, 1872</subfield></datafield><datafield ind1="1" ind2="3" tag="246"><subfield code="a">Salem mercury</subfield><subfield code="f">Jan. 9, 1872-</subfield></datafield><datafield ind1=" " ind2=" " tag="260"><subfield code="a">Salem, Or. :</subfield><subfield code="b">J.H. Upton,</subfield><subfield code="c">1870-1872.</subfield></datafield><datafield ind1=" " ind2=" " tag="300"><subfield code="a">v.</subfield></datafield><datafield ind1=" " ind2=" " tag="310"><subfield code="a">Weekly</subfield></datafield><datafield ind1="1" ind2=" " tag="362"><subfield code="a">Began with Vol. 2, no. 9 (Nov. 19, 1870); ceased in 1872.</subfield></datafield><datafield ind1="1" ind2=" " tag="362"><subfield code="a">Ceased in 1872.</subfield></datafield><datafield ind1=" " ind2=" " tag="500"><subfield code="a">Publisher varies.</subfield></datafield><datafield ind1=" " ind2=" " tag="530"><subfield code="a">Also available on microfilm from University of Oregon.</subfield></datafield><datafield ind1=" " ind2=" " tag="588"><subfield code="a">Description based on: Vol. 2, no. 9 (Nov. 19, 1870); title from masthead.</subfield></datafield><datafield ind1=" " ind2=" " tag="588"><subfield code="a">Latest issue consulted: Volume 3, Number 20 (Jan. 30, 1872).</subfield></datafield><datafield ind1=" " ind2="0" tag="651"><subfield code="a">Salem (Or.)</subfield><subfield code="v">Newspapers.</subfield></datafield><datafield ind1=" " ind2="7" tag="655"><subfield code="a">Newspapers.</subfield><subfield code="2">fast</subfield><subfield code="0">(OCoLC)fst01423814</subfield></datafield><datafield ind1=" " ind2="7" tag="651"><subfield code="a">Oregon</subfield><subfield code="z">Salem.</subfield><subfield code="2">fast</subfield><subfield code="0">(OCoLC)fst01202924</subfield></datafield><datafield ind1=" " ind2=" " tag="752"><subfield code="a">United States</subfield><subfield code="b">Oregon</subfield><subfield code="c">Marion</subfield><subfield code="d">Salem.</subfield></datafield><datafield ind1="0" ind2=" " tag="775"><subfield code="t">Salem daily mercury</subfield><subfield code="w">(DLC)sn 93051645</subfield><subfield code="w">(OCoLC)30427178</subfield></datafield><datafield ind1="0" ind2="0" tag="780"><subfield code="t">Weekly Oregon mercury</subfield><subfield code="w">(DLC)sn 93051642</subfield><subfield code="w">(OCoLC)30427050</subfield></datafield><datafield ind1="0" ind2="0" tag="785"><subfield code="t">Weekly mercury (Salem, Or.)</subfield><subfield code="w">(DLC)sn 84022680</subfield><subfield code="w">(OCoLC)10535648</subfield></datafield></record>